<record><leader>00000cas a2200000 a 4500</leader><controlfield tag="001">11048963</controlfield><controlfield tag="008">840813d18681899inuwr ne      0    0eng d</controlfield><datafield ind1=" " ind2=" " tag="010"><subfield code="a">sn 84027371 </subfield></datafield><datafield ind1=" " ind2=" " tag="040"><subfield code="a">NPU</subfield><subfield code="b">eng</subfield><subfield code="c">NPU</subfield><subfield code="d">DLC</subfield><subfield code="d">NPU</subfield><subfield code="d">NPX</subfield><subfield code="d">NPI</subfield><subfield code="d">NVF</subfield><subfield code="d">OCL</subfield><subfield code="d">OCLCQ</subfield><subfield code="d">OCLCF</subfield><subfield code="d">OCLCO</subfield><subfield code="d">IUL</subfield><subfield code="d">OCL</subfield></datafield><datafield ind1=" " ind2=" " tag="042"><subfield code="a">msc</subfield></datafield><datafield ind1=" " ind2=" " tag="043"><subfield code="a">n-us-in</subfield></datafield><datafield ind1="0" ind2=" " tag="130"><subfield code="a">Fort Wayne journal (Fort Wayne, Ind. : Weekly)</subfield></datafield><datafield ind1="1" ind2="0" tag="245"><subfield code="a">Fort Wayne journal.</subfield></datafield><datafield ind1="1" ind2="3" tag="246"><subfield code="a">Fort Wayne weekly journal</subfield></datafield><datafield ind1="1" ind2="3" tag="246"><subfield code="a">Fort Wayne Sunday journal</subfield></datafield><datafield ind1=" " ind2=" " tag="260"><subfield code="a">Fort Wayne, Ind. :</subfield><subfield code="b">Thomas S. Taylor</subfield></datafield><datafield ind1=" " ind2=" " tag="300"><subfield code="a">volumes</subfield></datafield><datafield ind1=" " ind2=" " tag="310"><subfield code="a">Weekly</subfield></datafield><datafield ind1="1" ind2=" " tag="362"><subfield code="a">Began with Dec. 14, 1868 issue; ceased in June 1899.</subfield><subfield code="z">Cf. Miller, J.W. Ind. newspaper bibl.</subfield></datafield><datafield ind1=" " ind2=" " tag="500"><subfield code="a">Variant title: Fort Wayne weekly journal. Cf. NIM.</subfield></datafield><datafield ind1=" " ind2=" " tag="500"><subfield code="a">Published as: Fort Wayne Sunday journal, in 1878. Cf. Miller, J.W. Ind. newspaper bibliography.</subfield></datafield><datafield ind1=" " ind2=" " tag="580"><subfield code="a">Daily eds. : The morning journal (Fort Wayne, Ind.), 1881-1884; and: Fort Wayne journal (Fort Wayne, Ind. : Daily) 1884-1899.</subfield></datafield><datafield ind1=" " ind2=" " tag="588"><subfield code="a">Description based on: Vol. 2, no. 13 (Mar. 11, 1871).</subfield></datafield><datafield ind1=" " ind2="0" tag="651"><subfield code="a">Fort Wayne (Ind.)</subfield><subfield code="v">Newspapers.</subfield></datafield><datafield ind1=" " ind2="0" tag="651"><subfield code="a">Allen County (Ind.)</subfield><subfield code="v">Newspapers.</subfield></datafield><datafield ind1=" " ind2="7" tag="651"><subfield code="a">Indiana</subfield><subfield code="z">Allen County.</subfield><subfield code="2">fast</subfield><subfield code="0">(OCoLC)fst01207514</subfield></datafield><datafield ind1=" " ind2="7" tag="651"><subfield code="a">Indiana</subfield><subfield code="z">Fort Wayne.</subfield><subfield code="2">fast</subfield><subfield code="0">(OCoLC)fst01204891</subfield></datafield><datafield ind1=" " ind2="7" tag="655"><subfield code="a">Newspapers.</subfield><subfield code="2">fast</subfield><subfield code="0">(OCoLC)fst01423814</subfield></datafield><datafield ind1=" " ind2=" " tag="752"><subfield code="a">United States</subfield><subfield code="b">Indiana</subfield><subfield code="c">Allen</subfield><subfield code="d">Fort Wayne.</subfield></datafield><datafield ind1="1" ind2=" " tag="775"><subfield code="t">Morning journal (Fort Wayne, Ind.)</subfield><subfield code="w">(DLC)sn 87056182</subfield><subfield code="w">(OCoLC)16885681</subfield></datafield><datafield ind1="1" ind2=" " tag="775"><subfield code="t">Fort Wayne journal (Fort Wayne, Ind. : Daily)</subfield><subfield code="w">(DLC)sn 87055973</subfield><subfield code="w">(OCoLC)15673009</subfield></datafield><datafield ind1="0" ind2="7" tag="785"><subfield code="t">Fort Wayne weekly gazette</subfield><subfield code="w">(DLC)sn 84027348</subfield><subfield code="w">(OCoLC)11046676</subfield></datafield><datafield ind1="0" ind2="7" tag="785"><subfield code="t">Fort Wayne weekly journal-gazette</subfield></datafield><datafield ind1="4" ind2="1" tag="856"><subfield code="u">https://access.newspaperarchive.com/us/indiana/fort-wayne/fort-wayne-sunday-journal</subfield></datafield></record>